<record><leader>00000cas a22000007a 4500</leader><controlfield tag="001">19214432</controlfield><controlfield tag="008">890214d19351936lauuu ne      0    0eng d</controlfield><datafield ind1=" " ind2=" " tag="010"><subfield code="a">sn 89059034 </subfield></datafield><datafield ind1=" " ind2=" " tag="040"><subfield code="a">LNP</subfield><subfield code="b">eng</subfield><subfield code="c">LNP</subfield><subfield code="d">OCLCQ</subfield><subfield code="d">LNP</subfield></datafield><datafield ind1=" " ind2=" " tag="042"><subfield code="a">msc</subfield></datafield><datafield ind1="0" ind2=" " tag="130"><subfield code="a">American leader (New Orleans, La.)</subfield></datafield><datafield ind1="1" ind2="4" tag="245"><subfield code="a">The American leader.</subfield></datafield><datafield ind1=" " ind2=" " tag="260"><subfield code="a">[New Orleans, La.] :</subfield><subfield code="b">Denis Flynn</subfield></datafield><datafield ind1=" " ind2=" " tag="300"><subfield code="a">v.</subfield></datafield><datafield ind1="1" ind2=" " tag="362"><subfield code="a">Began with Jan. 1, 1935 issue? Ceased in 1936.</subfield></datafield><datafield ind1=" " ind2=" " tag="588"><subfield code="a">Description based on: 3rd year (Jan. 1, 1935).</subfield></datafield><datafield ind1=" " ind2=" " tag="752"><subfield code="a">United States</subfield><subfield code="b">Louisiana</subfield><subfield code="c">Orleans</subfield><subfield code="d">New Orleans.</subfield></datafield><datafield ind1="0" ind2=" " tag="775"><subfield code="t">Weekly crusader (New Orleans : La.)</subfield><subfield code="w">(DLC)sn 89059182</subfield></datafield><datafield ind1="0" ind2="0" tag="780"><subfield code="t">Union leader (New Orleans, La.)</subfield><subfield code="w">(DLC)sn 89059033</subfield></datafield><datafield ind1="0" ind2="0" tag="785"><subfield code="t">American crusader</subfield><subfield code="w">(DLC)sn 89059032</subfield></datafield></record>